<record><leader>00000cas a2200000 a 4500</leader><controlfield tag="001">34014996</controlfield><controlfield tag="007">hd bfu---baat</controlfield><controlfield tag="007">hd afu---bact</controlfield><controlfield tag="008">960111d19021911nbuwr nea     0    0eng d</controlfield><datafield ind1=" " ind2=" " tag="010"><subfield code="a">sn 95073608 </subfield></datafield><datafield ind1=" " ind2=" " tag="040"><subfield code="a">NVG</subfield><subfield code="b">eng</subfield><subfield code="c">NVG</subfield><subfield code="d">OCL</subfield><subfield code="d">OCLCQ</subfield></datafield><datafield ind1=" " ind2=" " tag="042"><subfield code="a">msc</subfield></datafield><datafield ind1=" " ind2=" " tag="043"><subfield code="a">n-us-nb</subfield></datafield><datafield ind1="0" ind2="4" tag="245"><subfield code="a">The Swanton news</subfield><subfield code="h">[microform].</subfield></datafield><datafield ind1=" " ind2=" " tag="260"><subfield code="a">Swanton, Neb. :</subfield><subfield code="b">J.A. Harris,</subfield><subfield code="c">-1911.</subfield></datafield><datafield ind1=" " ind2=" " tag="300"><subfield code="a">9 v.</subfield></datafield><datafield ind1=" " ind2=" " tag="310"><subfield code="a">Weekly</subfield></datafield><datafield ind1="1" ind2=" " tag="362"><subfield code="a">Began in 902.</subfield></datafield><datafield ind1="0" ind2=" " tag="362"><subfield code="a">-v. 16, no. 32 (Feb. 4, 1911).</subfield></datafield><datafield ind1=" " ind2=" " tag="588"><subfield code="a">Description based on: Vol. 8, no. 26 (Jan. 3, 1903).</subfield></datafield><datafield ind1=" " ind2=" " tag="533"><subfield code="a">Microfilm.</subfield><subfield code="m">1903-1911:[Gaps]</subfield><subfield code="b">[Lincoln, Neb.] :</subfield><subfield code="c">Nebraska State Historical Society,</subfield><subfield code="d">[1974].</subfield><subfield code="e">2 microfilm reels ; 35 mm.</subfield></datafield><datafield ind1=" " ind2="0" tag="651"><subfield code="a">Swanton (Neb.)</subfield><subfield code="v">Newspapers.</subfield></datafield><datafield ind1=" " ind2=" " tag="752"><subfield code="a">United States</subfield><subfield code="b">Nebraska</subfield><subfield code="c">Saline</subfield><subfield code="d">Swanton.</subfield></datafield><datafield ind1="0" ind2="0" tag="780"><subfield code="t">Swanton record</subfield><subfield code="w">(DLC)sn 95073607</subfield></datafield><datafield ind1="0" ind2="4" tag="785"><subfield code="t">Western wave</subfield><subfield code="w">(DLC)sn 94056312</subfield></datafield><datafield ind1="1" ind2=" " tag="029"><subfield code="a">AU@</subfield><subfield code="b">000012146794</subfield></datafield></record>